<collection xmlns="http://www.loc.gov/MARC21/slim">
<record>
  <leader>00797nam0a22001931i 450 </leader>
  <controlfield tag="001">IT\ICCU\CNCE\024221</controlfield>
  <controlfield tag="005">19990325000000.0</controlfield>
  <datafield tag="100" ind1=" " ind2=" ">
    <subfield code="a">19970730d1586        0itac0103    ba</subfield>
  </datafield>
  <datafield tag="101" ind1=" " ind2=" ">
    <subfield code="a">LAT</subfield>
  </datafield>
  <datafield tag="102" ind1=" " ind2=" ">
    <subfield code="a">IT</subfield>
  </datafield>
  <datafield tag="200" ind1="1" ind2=" ">
    <subfield code="a">℗M. Antonii Mureti ... ℗Orationes XXIII ... Eiusdem interpretatio quincti libri Ethicorum Aristotelis ad Nicomachum. Eiusdem Hymni sacri, et alia quaedam poemata</subfield>
  </datafield>
  <datafield tag="210" ind1=" " ind2=" ">
    <subfield code="a">Venetiis</subfield>
    <subfield code="d">apud Ioan. Alberti</subfield>
    <subfield code="d">1586</subfield>
  </datafield>
  <datafield tag="215" ind1=" " ind2=" ">
    <subfield code="a">\8!, 320, 56, \6!, 37 p.</subfield>
    <subfield code="d">8ʻ</subfield>
  </datafield>
  <datafield tag="620" ind1=" " ind2=" ">
    <subfield code="a">IT</subfield>
    <subfield code="d">Venezia</subfield>
  </datafield>
  <datafield tag="700" ind1=" " ind2="1">
    <subfield code="a">Muret,</subfield>
    <subfield code="b">Marc Antoine</subfield>
    <subfield code="3">IT\ICCU\CNCA\000118</subfield>
  </datafield>
  <datafield tag="712" ind1="0" ind2="0">
    <subfield code="a">Alberti, Giovanni</subfield>
    <subfield code="3">IT\ICCU\CNCT\000338</subfield>
    <subfield code="4">650</subfield>
  </datafield>
  <datafield tag="790" ind1=" " ind2="1">
    <subfield code="a">Muretus,</subfield>
    <subfield code="b">Marcus Antonius</subfield>
    <subfield code="3">IT\ICCU\CNCA\014739</subfield>
    <subfield code="z">Muret, Marc Antoine</subfield>
  </datafield>
  <datafield tag="791" ind1="0" ind2="0">
    <subfield code="a">Albertis, Ioannes de</subfield>
    <subfield code="3">IT\ICCU\CNCT\004222</subfield>
    <subfield code="z">Alberti, Giovanni</subfield>
  </datafield>
  <datafield tag="801" ind1=" " ind2="3">
    <subfield code="a">IT</subfield>
    <subfield code="b">ICCU</subfield>
    <subfield code="c">20201114</subfield>
  </datafield>
</record>
</collection>
